3300 5242
2657 428 2704 483 V

333 577 789 676 relegandos
828 598 1011 652 esse
1048 579 1141 650 ad
1174 598 1292 667 ea,
1344 596 1534 670 quae
1568 597 1614 645 a
1639 575 1781 645 Dr.
1805 569 2048 644 Wedl
2074 571 2148 661 Ἴ
2179 568 2277 645 el.
2293 595 2367 644 v.
2398 568 2706 667 egregie

341 712 787 813 pleniusque
841 707 1218 807 disputata
1277 713 1450 779 sunt
1505 700 1603 776 de
1650 698 2050 801 speciebus
2098 699 2342 774 adbuc
2392 697 2713 795 coguitis

326 847 1036 925 Haematozoornm.

524 978 697 1052 Jam
730 998 951 1066 vero,
1004 995 1150 1072 quo
1188 979 1636 1068 extempore
1655 987 1793 1068 per
1812 963 2401 1039 illustrissimum
2423 960 2712 1039 Rudol-

324 1109 575 1210 phium
623 1106 1045 1207 „Synopsis
1083 1104 1643 1180 Entozoorum“
1696 1097 1773 1172 in
1818 1097 2059 1173 lucem
2098 1096 2416 1198 prodiit,
2485 1107 2709 1197 atque

327 1242 401 1316 iu
468 1241 724 1316 eadem
801 1261 1098 1338 qnoque
1180 1259 1265 1313 re
1355 1230 1842 1310 eruditissimi
1903 1230 2045 1305 viri
2113 1240 2196 1306 ut
2272 1229 2708 1331 Ore-plin,

327 1375 408 1449 M
432 1372 735 1462 eblis‚
819 1367 1179 1450 Schilli
1212 1391 1365 1466 ng,
1453 1367 1638 1463 Duj
1662 1364 1871 1444 ardi
1895 1389 1979 1455 u,
2071 1363 2707 1463 Belliugham,

322 1505 1099 1596 Leon-Dutour,
1179 1498 1695 1577 Frantzius
1773 1507 1849 1574 et
1911 1496 2012 1599 pl.
2074 1522 2145 1573 a.
2190 1520 2473 1573 summo
2543 1521 2708 1573 cum

318 1640 571 1717 fructu
600 1634 884 1714 versati
918 1643 1124 1710 sunt:
1159 1639 1277 1710 ‘ex
1315 1657 1409 1709 eo
1440 1631 1659 1708 etiam
1677 1631 1967 1708 indices
1990 1654 2244 1707 eorum
2266 1629 2706 1722 animalium,

318 1775 393 1848 iu
435 1771 707 1873 quibus
724 1767 1217 1845 Helininthum
1248 1788 1529 1865 genera
1563 1765 2143 1865 reperiebantur,
2182 1760 2435 1838 mirum
2477 1787 2711 1862 quan-

320 1916 468 1980 tum
521 1903 1030 1980 adcreverunt.
1080 1898 1455 2000 Equidem
1492 1897 1664 1999 ipse
1713 1923 1848 1999 per
1887 1897 2122 1974 hosce
2155 1896 2418 1995 viginti
2464 1918 2704 1970 anuos

319 2037 393 2111 in
435 2036 705 2113 Museo
748 2034 1137 2111 Caesareo
1178 2032 1349 2133 plus
1396 2031 1596 2108 mille
1647 2031 1989 2108 animalia
2035 2031 2159 2107 vel
2200 2032 2476 2106 circum
2509 2028 2707 2103 Vin-

321 2171 687 2247 dobonam
746 2177 967 2267 capta
1043 2175 1120 2240 et
1175 2165 1570 2243 interfecta
1618 2165 1744 2240 vel
1799 2165 1873 2238 in
1939 2162 2247 2238 vivariis
2318 2161 2707 2236 demortua
2769 2152 2805 2211 ‘-

321 2300 592 2377 sedulo
656 2297 1096 2374 examinavi.
1191 2296 1556 2385 Quantum
1620 2296 1894 2370 deiude
1960 2294 2178 2368 fuerit
2249 2291 2553 2367 meritus
2607 2291 2704 2367 de

324 2428 647 2504 scientia
706 2436 963 2502 nostra
1023 2404 1488 2524 clarissimus
1538 2423 1672 2499 ille
1741 2426 1797 2500 J
1810 2447 2159 2500 oannes
2226 2424 2711 2517 Natterer,

327 2560 456 2662 qui
492 2583 735 2636 rerum
786 2569 1160 2649 naturam,
1231 2554 1645 2632 studiosius
1695 2581 1788 2630 an
1837 2556 2189 2633 subtilius
2237 2554 2544 2633 difficile
2592 2565 2711 2633 est

324 2694 532 2771 dictu
555 2746 578 2787 ,
640 2698 958 2789 utroque
1004 2688 1079 2763 in
1119 2689 1301 2766 orbe
1346 2688 1831 2789 investigavit
1876 2701 1954 2768 et
1998 2699 2513 2790 perscrutatus
2562 2700 2707 2787 est,

325 2824 639 2928 quaevis
671 2823 832 2899 fere
862 2820 1136 2924 pagina
1169 2821 1423 2923 operis
1455 2825 1675 2923 hujus
1712 2834 2051 2900 testatur.

519 2957 847 3035 Nomina
914 2955 1379 3032 animantium
1436 2979 1536 3031 ex
1592 2957 1929 3034 omuibus
1988 2955 2364 3033 classibus
2422 2956 2706 3034 Verte-

321 3091 741 3183 bratorum,
804 3099 883 3166 et
941 3090 1136 3163 inter
1209 3088 1711 3164 Evertebrata
1781 3091 2242 3166 insectorum
2267 3143 2288 3182 ,
2378 3087 2704 3170 Crusta-

328 3244 628 3298 ceorum
664 3244 803 3297 nec
838 3243 981 3296 non
1021 3218 1637 3314 Arachnidarum‚
1694 3220 1862 3297 olim
1901 3221 2180 3296 usitata
2226 3246 2421 3297 nuuc
2458 3222 2693 3298 obso-

321 3354 522 3447 leta,
596 3376 742 3451 quo
793 3349 1092 3426 facilior
1134 3350 1549 3427 obtineatur
1599 3352 1784 3429 ordo
1836 3351 2397 3453 systematicus,
2462 3356 2702 3450 amici,

322 3511 512 3587 quos
542 3485 813 3577 habeo,
867 3482 1359 3578 dilectissimi,
1410 3483 1608 3585 iique
1648 3482 1997 3583 collegae
2044 3484 2429 3582 Kollar,
2497 3490 2699 3567 Jos.

328 3619 831 3710 Natterer,
895 3615 1423 3717 Fitzinger
1483 3633 1561 3694 et
1632 3618 2004 3695 fleckel
2056 3642 2217 3694 cum
2273 3623 2701 3699 nomencla-

321 3763 510 3844 tura,
560 3762 642 3826 ut
670 3752 945 3844 dicunt,
1003 3751 1422 3829 recentiore
1455 3761 2120 3828 commutaverunt.

486 3884 752 3959 Restat
765 3884 1107 3983 denique,
1120 3894 1200 3959 ut
1213 3883 1492 3984 gratias
1509 3885 1817 3959 referam
1847 3887 2200 3959 maximas
2220 3897 2367 3960 tum
2385 3886 2697 3986 egregio

319 4016 429 4090 illi
463 4016 896 4094 Professori
931 4019 1245 4117 viroque
1278 4015 1451 4092 mibi
1481 4017 1957 4113 amicissimo,
1991 4022 2208 4095 Dom.
2250 3991 2325 4094 Ε
2348 4018 2697 4095 duardo

386 4272 446 4341 ²⁸)
485 4272 543 4327 ln
559 4273 661 4329 den
676 4272 1102 4331 Denkschristen
1134 4273 1237 4330 der
1271 4272 2456 4331 mathematiseh-naturwisseusehaffliehen
2490 4275 2688 4329 Klasse

494 4359 594 4416 der
632 4361 855 4419 kaiserl.
896 4361 1192 4419 Akademie
1235 4361 1335 4418 der
1364 4362 1843 4421 Wissenseharten
1888 4377 1956 4417 zu
1993 4361 2151 4418 Wieu
2183 4361 2223 4416 1.
2257 4362 2319 4416 ΙΙ.
2358 4360 2697 4433 Abtbeilung

496 4453 564 4503 13
588 4476 659 4492 --
676 4456 746 4506 86
772 4450 871 4506 mit
899 4450 1301 4524 Abbildungen.
