3300 5242
590 397 660 450 lv

590 535 955 612 scientiae
1000 546 1301 613 nostrae
1350 537 1799 614 incrementa
1846 546 2054 614 certe
2092 559 2269 613 esse
2309 560 2719 614 accessura
2754 560 2967 614 nemo

585 692 729 742 uon
759 667 989 759 videt,
1033 678 1428 769 propterea
1466 670 1670 768 quod
1694 669 2161 745 inveniuntur
2200 668 2559 769 quaedam
2597 668 2966 763 animalia,

588 798 661 873 in
699 799 964 899 quibus
984 800 1155 900 plus
1173 800 1437 897 viginti
1457 772 1807 874 diversae
1829 799 2322 873 Helminthum
2347 800 2648 900 species
2663 800 2969 878 lateant.

586 932 880 1008 Deinde
936 934 1461 1020 observamus,
1527 927 1607 1002 id
1663 930 1864 1027 quod
1919 955 2064 1005 non
2125 929 2363 1004 minus
2419 935 2671 1030 mirum
2722 960 2965 1034 neque

583 1063 660 1137 in
702 1073 1111 1160 systemate
1156 1072 1415 1138 nostro
1460 1060 2086 1160 posthabendum,
2163 1071 2620 1160 quantopere
2660 1069 2963 1168 species

586 1193 907 1293 singulis
974 1195 1432 1291 singulorum
1490 1193 1822 1269 ordinum
1881 1193 2286 1297 generibus
2354 1197 2964 1294 comprehensae,

587 1348 888 1401 numero
918 1326 1108 1401 inter
1136 1350 1225 1401 se
1266 1324 1681 1401 dissideant
1726 1351 1816 1403 ac
1848 1324 2213 1401 differant.
2287 1323 2603 1403 Scilicet
2642 1328 2717 1401 in
2777 1356 2966 1429 quo-

585 1457 769 1534 libet
791 1458 1051 1535 ordine
1073 1460 1439 1559 reperitur
1455 1482 1699 1557 genus
1733 1459 2035 1559 aliquod
2064 1459 2257 1537 inter
2281 1472 2535 1538 cetera
2570 1473 2961 1560 praestans

586 1600 809 1695 atque
827 1591 1273 1692 insignitum,
1306 1601 1386 1667 ut
1401 1592 1481 1667 id
1500 1593 1740 1670 solum
1773 1593 2002 1670 totius
2025 1593 2308 1669 ordinis
2324 1604 2651 1669 naturam
2680 1617 2855 1695 prae
2873 1618 2962 1671 se

586 1725 787 1825 ferre
806 1738 933 1802 aut
950 1736 1155 1803 certe
1175 1736 1425 1825 typum
1456 1730 1620 1823 ejus
1645 1738 2217 1827 repraesentare
2230 1727 2595 1818 videatur,
2632 1727 2730 1825 ad
2748 1752 2963 1827 quem

590 1868 847 1934 cetera
899 1880 1181 1957 genera
1234 1858 1461 1935 facile
1508 1882 1597 1934 se
1640 1860 2064 1959 adjungant.
2131 1847 2221 1934 Id
2276 1857 2569 1957 quidem
2627 1861 2965 1937 obtinere

582 1991 922 2069 videmus
970 1991 1045 2065 in
1094 2014 1375 2089 genere
1420 1992 1774 2068 Monadis
1813 2014 1977 2066 cum
2012 1993 2175 2067 suis
2211 1994 2307 2066 42
2342 1993 2743 2091 speciebus
2774 1993 2966 2068 inter

586 2122 1209 2216 Prothelmintba‚
1275 2125 1620 2224 idemque
1691 2126 1767 2199 N
1773 2124 2072 2200 emertis
2151 2132 2346 2218 [cum
2407 2129 2504 2199 22
2557 2128 2710 2224 sp.)
2775 2125 2967 2202 inter

584 2256 1137 2345 Turbellarias‚
1223 2256 1298 2331 in
1371 2281 1654 2355 genere
1717 2258 2061 2335 Distomo
2132 2261 2329 2357 (cum
2378 2259 2525 2336 195
2563 2265 2713 2357 sp.)
2769 2258 2962 2333 inter

475 2390 483 2395 ’
586 2390 1214 2492 Myzhelmintba‚
1278 2390 1352 2464 in
1383 2391 1673 2469 Taenia
1725 2396 1925 2490 (cum
1961 2393 2108 2469 138
2143 2396 2293 2492 sp.)
2352 2394 2544 2468 inter
2582 2389 2966 2490 Cephalo-

584 2522 907 2624 eotylea‚
956 2523 1030 2599 in
1066 2523 1703 2626 Echinorhyncho
1737 2531 1931 2617 (cum
1951 2525 2050 2600 89
2087 2528 2240 2623 sp.)
2269 2525 2459 2599 inter
2473 2519 2964 2616 Rhyngodea,

583 2657 773 2733 inter
805 2657 1305 2734 Nematoidea
1351 2657 1426 2731 in
1456 2654 1838 2732 Ascaride
1874 2658 2074 2749 (cum
2109 2655 2205 2730 96
2244 2655 2428 2752 sp.),
2478 2672 2668 2749 quae
2703 2655 2970 2732 cuncta

576 2790 732 2887 jam
784 2812 976 2866 nunc
1019 2788 1453 2889 praevalent
1495 2810 1741 2887 neque
1810 2788 2048 2863 minus
2095 2784 2172 2860 in
2234 2792 2614 2886 posterum
2675 2805 2969 2881 quoque

587 2921 1150 3024 praevalebunt.

784 3073 999 3167 Quae
1040 3074 1315 3153 nostris
1357 3073 1645 3149 demum
1684 3067 1953 3145 diebus
1990 3065 2373 3142 multorum
2414 3063 2489 3138 in
2533 3064 2745 3139 vasis
2778 3086 2962 3139 san-

584 3205 903 3305 guiferis
932 3205 1396 3282 animantium
1429 3204 1729 3280 detecta
1756 3208 1931 3275 sunt
1962 3200 2498 3291 Haematozoa‚
2555 3221 2647 3273 ea
2673 3196 2970 3298 quidem

589 3351 799 3418 certe
818 3340 1316 3428 Helmintbum
1356 3337 1677 3415 diversis
1717 3333 2121 3434 generibus
2165 3342 2346 3408 sunt
2376 3327 2967 3419 adnumeranda3

589 3483 907 3550 attamen
944 3497 1162 3574 quum
1187 3472 1339 3546 sint
1362 3467 1785 3546 accuratius
1817 3469 2036 3542 etiam
2062 3463 2661 3554 internoscenda,
2713 3469 2972 3560 utpote

591 3606 819 3682 firmis
870 3605 1118 3682 adhue
1172 3600 1741 3681 characteribus
1797 3599 2154 3674 destituta
2212 3604 2287 3671 et
2337 3594 2582 3695 quoad
2630 3592 2851 3668 vitam
2895 3600 2973 3667 et

592 3748 927 3815 naturam
944 3740 1119 3834 (seu
1141 3734 1673 3830 evolutionem)
1696 3731 1885 3807 satis
1902 3730 2218 3807 nondum
2230 3726 2705 3824 investigata,
2758 3748 2972 3798 suum

592 3873 669 3947 in
713 3883 1126 3972 systemate
1170 3878 1426 3946 nostro
1459 3866 1706 3942 locum
1741 3864 2019 3941 habere
2048 3887 2192 3938 non
2223 3870 2638 3962 potuerunt.
2713 3859 2972 3956 ltaque

596 4029 691 4082 ne
729 4027 823 4080 ea
849 4003 1043 4081 inter
1069 4003 1354 4080 incerta
1370 4026 1469 4078 ex
1484 3997 2003 4075 incertioribus
2024 3993 2218 4071 locis
2254 3993 2651 4095 recipiens,
2682 3990 2972 4088 copiam

596 4137 1027 4215 adcuratius
1062 4134 1645 4234 indagandorum
1683 4140 1983 4231 praeter
2022 4126 2549 4203 necessitatem
2582 4111 2971 4222 augerem,

596 4271 797 4372 quod
857 4267 1219 4348 scientiae
1267 4277 1569 4344 nostrae
1622 4263 2173 4366 promovendae
2238 4283 2494 4360 parum
2558 4257 2970 4348 conferret,
3020 4265 3024 4269 ’

596 4406 831 4479 missa
880 4402 1074 4481 omni
1125 4426 1379 4478 eorum
1440 4398 1833 4491 mentione,
1891 4397 2057 4494 ejus
2110 4394 2218 4471 rei
2271 4392 2662 4470 studiosos
2721 4387 2972 4492 putavi
